<record><leader>00000cas a2200000 a 4500</leader><controlfield tag="001">28683624</controlfield><controlfield tag="008">930823c19419999caudn ne      0   a0eng c</controlfield><datafield ind1=" " ind2=" " tag="010"><subfield code="a">sn 93051566 </subfield></datafield><datafield ind1=" " ind2=" " tag="040"><subfield code="a">CUY</subfield><subfield code="b">eng</subfield><subfield code="c">CNK</subfield><subfield code="d">NSD</subfield><subfield code="d">OCLCQ</subfield><subfield code="d">CNK</subfield><subfield code="d">OCLCQ</subfield><subfield code="d">OCLCF</subfield><subfield code="d">OCLCO</subfield></datafield><datafield ind1=" " ind2=" " tag="012"><subfield code="l">1</subfield></datafield><datafield ind1="1" ind2=" " tag="022"><subfield code="a">1094-9763</subfield><subfield code="l">1094-9763</subfield><subfield code="2">1</subfield></datafield><datafield ind1="1" ind2=" " tag="029"><subfield code="a">AU@</subfield><subfield code="b">000025895053</subfield></datafield><datafield ind1=" " ind2=" " tag="042"><subfield code="a">pcc</subfield><subfield code="a">nsdp</subfield></datafield><datafield ind1=" " ind2="0" tag="222"><subfield code="a">Siskiyou daily news</subfield></datafield><datafield ind1="0" ind2="0" tag="245"><subfield code="a">Siskiyou daily news.</subfield></datafield><datafield ind1="3" ind2="0" tag="246"><subfield code="a">Daily Siskiyou news</subfield></datafield><datafield ind1=" " ind2=" " tag="260"><subfield code="a">Yreka, Calif. :</subfield><subfield code="b">W.B. Stafford</subfield></datafield><datafield ind1=" " ind2=" " tag="300"><subfield code="a">v.</subfield></datafield><datafield ind1=" " ind2=" " tag="310"><subfield code="a">Daily (Mon.-Fri.)</subfield></datafield><datafield ind1="0" ind2=" " tag="362"><subfield code="a">Vol. 65, no. 1 (Oct. 6, 1941)-</subfield></datafield><datafield ind1=" " ind2=" " tag="500"><subfield code="a">Published with "Siskiyou" at center of title overlaying masthead ornament, Jan. 17, 1992-</subfield></datafield><datafield ind1=" " ind2=" " tag="530"><subfield code="a">Master negatives are available for duplication from:</subfield><subfield code="b">California Newspaper Microfilm Archive;</subfield><subfield code="c">positive copies may be purchased by the reel; for further information consult the CNMA at:</subfield><subfield code="u">http://cbsr.ucr.edu</subfield></datafield><datafield ind1=" " ind2="0" tag="651"><subfield code="a">Siskiyou County (Calif.)</subfield><subfield code="v">Newspapers.</subfield></datafield><datafield ind1=" " ind2="7" tag="655"><subfield code="a">Newspapers.</subfield><subfield code="2">fast</subfield><subfield code="0">(OCoLC)fst01423814</subfield></datafield><datafield ind1=" " ind2="7" tag="651"><subfield code="a">California</subfield><subfield code="z">Siskiyou County.</subfield><subfield code="2">fast</subfield><subfield code="0">(OCoLC)fst01207041</subfield></datafield><datafield ind1=" " ind2=" " tag="752"><subfield code="a">United States</subfield><subfield code="b">California</subfield><subfield code="c">Siskiyou</subfield><subfield code="d">Yreka.</subfield></datafield><datafield ind1="0" ind2=" " tag="775"><subfield code="t">Yreka journal (Yreka, Calif. : 1941)</subfield><subfield code="w">(DLC)sn 93051564</subfield></datafield><datafield ind1="0" ind2="0" tag="780"><subfield code="t">Siskiyou news</subfield><subfield code="w">(DLC)sn 93051558</subfield></datafield><datafield ind1=" " ind2=" " tag="936"><subfield code="a">138t yr., no. 188 (July 7, 1997) LIC</subfield></datafield></record>